
@misc{noauthor_start_2018,
	title = {Start the {NHS} weight loss plan},
	url = {https://www.nhs.uk/live-well/healthy-weight/start-the-nhs-weight-loss-plan/},
	abstract = {Develop healthier eating habits and get more active with the free NHS-approved 12-week weight loss plan.},
	language = {en},
	urldate = {2019-10-30},
	journal = {nhs.uk},
	month = apr,
	year = {2018},
	file = {Snapshot:/Users/jf/Zotero/storage/ZQ3VTVSX/start-the-nhs-weight-loss-plan.html:text/html}
}

@article{noauthor_how_nodate,
	title = {How do {I} control my blood pressure? {Lifestyle} options and choice of medicines patient decision aid},
	language = {en},
	pages = {10},
	file = {How do I control my blood pressure Lifestyle opti.pdf:/Users/jf/Zotero/storage/9KI5GL4T/How do I control my blood pressure Lifestyle opti.pdf:application/pdf}
}

@misc{noauthor_start_nodate,
	title = {Start the {NHS} weight loss plan - {NHS}},
	url = {https://www.nhs.uk/live-well/healthy-weight/start-the-nhs-weight-loss-plan/},
	urldate = {2019-10-30},
	file = {Start the NHS weight loss plan - NHS:/Users/jf/Zotero/storage/WQZTFXA5/start-the-nhs-weight-loss-plan.html:text/html}
}

@misc{noauthor_positive_nodate,
	title = {Positive {Beurteilung} - {Handgelenkmessung} - {Aktiv} gegen {Bluthochdruck}},
	url = {https://www.hochdruckliga.de/positive-beurteilung-handgelenkmessung.html},
	abstract = {Bisher wurde die Blutdruckmessung am Handgelenk von Experten eher kritisch beurteilt. Doch Tests haben gezeigt: Gute Geräte messen den Blutdruck am Handgelenk ebenso zuverlässig wie Oberarmgeräte.},
	language = {de},
	urldate = {2019-10-31},
	file = {Snapshot:/Users/jf/Zotero/storage/V6YKKILB/positive-beurteilung-handgelenkmessung.html:text/html}
}

@misc{noauthor_richtig_nodate,
	title = {Richtig {Blutdruck} messen - so geht's!},
	url = {https://www.beurer.com/microsite/blutdruck/wissen/richtig-messen.php},
	urldate = {2019-10-31},
	file = {Richtig Blutdruck messen - so geht's!:/Users/jf/Zotero/storage/TMCE3M39/richtig-messen.html:text/html}
}

@misc{noauthor_diabetes_nodate,
	title = {Diabetes – was ist das eigentlich? {\textbar} {Deutsche} {Diabetes} {Stiftung}},
	url = {https://www.diabetesstiftung.de/diabetes-was-ist-das-eigentlich},
	urldate = {2019-11-01},
	file = {Diabetes – was ist das eigentlich? | Deutsche Diabetes Stiftung:/Users/jf/Zotero/storage/4V3WJ8TT/diabetes-was-ist-das-eigentlich.html:text/html}
}

@misc{noauthor_herzrhythmusstorungen:_nodate,
	title = {Herzrhythmusstörungen: {Was} man wissen muss},
	shorttitle = {Herzrhythmusstörungen},
	url = {https://www.netdoktor.de/krankheiten/herzrhythmusstoerungen/},
	abstract = {Bei einer Herzrhythmusstörung wird die normale Herzfrequenz durch verschiedene Ursachen gestört. Lesen Sie alles darüber.},
	language = {de},
	urldate = {2019-11-01},
	journal = {NetDoktor},
	file = {Snapshot:/Users/jf/Zotero/storage/9BHQS62R/herzrhythmusstoerungen.html:text/html}
}

@misc{noauthor_how_nodate-1,
	title = {How to check blood pressure by hand: {Methods} and tips},
	shorttitle = {How to check blood pressure by hand},
	url = {https://www.medicalnewstoday.com/articles/321429.php},
	abstract = {It is common to have your blood pressure checked at the doctor's office, but there are many cases where it is important to monitor it at home. It is easy to check blood pressure with an automated machine, but it can also be done manually at home. Learn how to check your own blood pressure and what the results mean.},
	language = {en},
	urldate = {2019-11-08},
	journal = {Medical News Today},
	file = {Snapshot:/Users/jf/Zotero/storage/2V5VW9KF/321429.html:text/html}
}

@misc{noauthor_blutdruck_nodate,
	title = {Blutdruck {Normalwerte} {\textbar} {Herzlexikon} {\textbar} {BlutdruckDaten}},
	url = {https://www.blutdruckdaten.de/lexikon/blutdruck-normalwerte.html},
	urldate = {2019-11-08},
	file = {Blutdruck Normalwerte | Herzlexikon | BlutdruckDaten:/Users/jf/Zotero/storage/R9EBCRFR/blutdruck-normalwerte.html:text/html}
}

@misc{noauthor_richtig_nodate-1,
	title = {Richtig {Blutdruck} messen - {Aktiv} gegen {Bluthochdruck}},
	url = {https://www.hochdruckliga.de/richtig-blutdruck-messen.html},
	abstract = {Die Blutdruck-Selbstmessung ist für Hypertoniker ein wichtiger Beitrag zur Behandlung ihrer Krankheit. Doch nur richtiges Messen bringt richtige Werte. Bluthochdruck ? - Die Deutsche Hochdruckliga e.V. DHL® bietet Informationen für Betroffene und Ärzte an.},
	language = {de},
	urldate = {2019-11-09},
	file = {Snapshot:/Users/jf/Zotero/storage/DPLRZDD7/richtig-blutdruck-messen.html:text/html}
}

@misc{noauthor_blutdruckmessung_nodate,
	title = {Blutdruckmessung - so geht es},
	url = {https://www.tk.de/techniker/gesundheit-und-medizin/behandlungen-und-medizin/herz-kreislauf-erkrankungen/blutdruckmessung-2015794},
	abstract = {Blutdruckmessung ist zur Vorbeugung von KHK wichtig: Bluthochdruck-Patienten sollten auf normale Blutdruckwerte achten.},
	language = {de-DE},
	urldate = {2019-11-22},
	journal = {Die Techniker},
	file = {Snapshot:/Users/jf/Zotero/storage/8AD2QY3I/blutdruckmessung-2015794.html:text/html}
}

@misc{hochdruckliga,
	title = {Bluthochdruck vermeiden, behandeln und senken - {Aktiv} gegen {Bluthochdruck}},
	url = {https://www.hochdruckliga.de/},
	abstract = {Bluthochdruck-Informationen für Betroffene und Ärzte auf der Homepage der Deutschen Hochdruckliga e.V. DHL®},
	language = {de},
	urldate = {2019-11-23},
	file = {Snapshot:/Users/jf/Zotero/storage/WJGV8NXF/www.hochdruckliga.de.html:text/html}
}